@book{zavg,
    title = {Программирование. Криптографические  алгоритмы:  учебное пособие.},
    author = {Завгородний, М Г and Майорова, С П},
    address = {Воронеж},
    publisher = {Издательский дом ВГУ},
    year = 2018
}

@online{python-docs,
    title = {Python 3.9.2 documentation},
    year = 2021,
    url = {https://docs.python.org/3.9/}
}
